<record><leader>00000cas a22000007a 4500</leader><controlfield tag="001">8807785</controlfield><controlfield tag="008">820925c19029999hiudx ne      0   a0eng  </controlfield><datafield ind1=" " ind2=" " tag="010"><subfield code="a">sn 82015411 </subfield><subfield code="z">sn 82002062 </subfield></datafield><datafield ind1=" " ind2=" " tag="040"><subfield code="a">DLC</subfield><subfield code="b">eng</subfield><subfield code="c">DLC</subfield><subfield code="d">HWN</subfield><subfield code="d">OCL</subfield><subfield code="d">HWN</subfield><subfield code="d">DLC</subfield><subfield code="d">OCLCQ</subfield><subfield code="d">DLC</subfield><subfield code="d">OCLCQ</subfield><subfield code="d">OCLCF</subfield><subfield code="d">DLC</subfield></datafield><datafield ind1=" " ind2=" " tag="019"><subfield code="a">8244899</subfield></datafield><datafield ind1="0" ind2=" " tag="022"><subfield code="a">0744-4028</subfield><subfield code="2">1</subfield></datafield><datafield ind1=" " ind2=" " tag="032"><subfield code="a">213760</subfield><subfield code="b">USPS</subfield></datafield><datafield ind1="0" ind2=" " tag="041"><subfield code="a">eng</subfield><subfield code="a">haw</subfield><subfield code="a">jpn</subfield></datafield><datafield ind1=" " ind2=" " tag="042"><subfield code="a">msc</subfield><subfield code="a">nsdp</subfield></datafield><datafield ind1=" " ind2=" " tag="043"><subfield code="a">n-us-hi</subfield></datafield><datafield ind1="0" ind2="0" tag="050"><subfield code="a">Newspaper</subfield></datafield><datafield ind1="0" ind2="0" tag="082"><subfield code="a">071</subfield><subfield code="2">23</subfield></datafield><datafield ind1=" " ind2="4" tag="222"><subfield code="a">The Garden Island</subfield></datafield><datafield ind1="0" ind2="4" tag="245"><subfield code="a">The Garden Island.</subfield></datafield><datafield ind1="1" ind2="3" tag="246"><subfield code="a">Garden Island war daily</subfield></datafield><datafield ind1=" " ind2=" " tag="260"><subfield code="a">Lihue, Kauai, H.T. :</subfield><subfield code="b">Garden Island.</subfield></datafield><datafield ind1=" " ind2=" " tag="300"><subfield code="a">v. :</subfield><subfield code="b">ill. ;</subfield><subfield code="c">60 cm.</subfield></datafield><datafield ind1=" " ind2=" " tag="310"><subfield code="a">4 issues per wk.</subfield></datafield><datafield ind1=" " ind2=" " tag="321"><subfield code="a">Weekly,</subfield><subfield code="b">1904-Sept. 1964</subfield></datafield><datafield ind1=" " ind2=" " tag="321"><subfield code="a">Semiweekly,</subfield><subfield code="b">Oct. 1964-</subfield></datafield><datafield ind1=" " ind2=" " tag="321"><subfield code="a">Triweekly,</subfield><subfield code="b">Mar. 1976-&lt;&gt;</subfield></datafield><datafield ind1="1" ind2=" " tag="362"><subfield code="a">Began in 1902.</subfield><subfield code="z">Cf. Mar. 5, 1976 issue.</subfield></datafield><datafield ind1=" " ind2=" " tag="500"><subfield code="a">"Independent." Cf. Ayer, 1978.</subfield></datafield><datafield ind1=" " ind2=" " tag="500"><subfield code="a">Editor: 1904- J.D. Willard.</subfield></datafield><datafield ind1=" " ind2=" " tag="525"><subfield code="a">Daily supplements, partly in Japanese, called: The Garden Island war daily, issued Dec. 10, 1941-Jan. 14, 1942.</subfield></datafield><datafield ind1=" " ind2=" " tag="530"><subfield code="a">Archived issues are available in digital format as part of the Library of Congress Chronicling America online collection.</subfield></datafield><datafield ind1=" " ind2=" " tag="546"><subfield code="a">In English; some Hawaiian.</subfield></datafield><datafield ind1=" " ind2=" " tag="588"><subfield code="a">Description based on: Vol. 1, no. 47 (Dec. 5, 1904).</subfield></datafield><datafield ind1=" " ind2="0" tag="651"><subfield code="a">Kauai (Hawaii)</subfield><subfield code="v">Newspapers.</subfield></datafield><datafield ind1=" " ind2="7" tag="651"><subfield code="a">Hawaii</subfield><subfield code="z">Kauai.</subfield><subfield code="2">fast</subfield><subfield code="0">(OCoLC)fst01245086</subfield></datafield><datafield ind1=" " ind2="7" tag="655"><subfield code="a">Newspapers.</subfield><subfield code="2">fast</subfield><subfield code="0">(OCoLC)fst01423814</subfield></datafield><datafield ind1="1" ind2=" " tag="700"><subfield code="a">Willard, John D.</subfield></datafield><datafield ind1=" " ind2=" " tag="752"><subfield code="a">United States</subfield><subfield code="b">Hawaii</subfield><subfield code="c">Kauai</subfield><subfield code="d">Lihue.</subfield></datafield><datafield ind1="1" ind2=" " tag="776"><subfield code="t">Garden Island (Online)</subfield><subfield code="x">2326-1714</subfield><subfield code="w">(DLC)  2013218515</subfield><subfield code="w">(OCoLC)823870350</subfield></datafield><datafield ind1="4" ind2="1" tag="856"><subfield code="u">http://www.loc.gov/chroniclingamerica/lccn/sn82015411/issues</subfield></datafield><datafield ind1="1" ind2=" " tag="029"><subfield code="a">AU@</subfield><subfield code="b">000048493553</subfield></datafield><datafield ind1="1" ind2=" " tag="029"><subfield code="a">NZ1</subfield><subfield code="b">16075602</subfield></datafield></record>